@book{Beningo,
    author = "Jacob Beningo",
    title = {Reusable Firmware Development},
    publisher = "Apress Berkeley, CA",
    year = "2017",
    ISBN = "978-1-4842-3297-2",
}

@book{Lehner,
    author = "Dr. habil. Franz Lehner",
    title = {Messung der Software-Dokumentationsqualit채t},
    publisher = "Wissenschaftliche Hochschule f체r Unternehmensf체hrung Koblenz",
    year = "1992",
    ISBN = "3-446-17657-8",
}

@book{Syska,
    author = "Andreas Syska" ,
    title = {Produktionsmanagment: Das A - Z wichtiger Methoden und Konzepte f체r die Produktion von heute},
    publisher = " GWV Fachverlage GmbH, Wiesbaden",
    year = "2006",
}