@book{Beningo,
    author = "Jacob Beningo",
    title = {Reusable Firmware Development},
    publisher = "Apress Berkeley, CA",
    year = "2017",
    ISBN = "978-1-4842-3297-2",
}

@book{Lehner,
    author = "Dr. habil. Franz Lehner",
    title = {Messung der Software-Dokumentationsqualität},
    publisher = "Wissenschaftliche Hochschule für Unternehmensführung Koblenz",
    year = "1992",
    ISBN = "3-446-17657-8",
}

@book{Syska,
    author = "Andreas Syska" ,
    title = {Produktionsmanagment: Das A - Z wichtiger Methoden und Konzepte für die Produktion von heute},
    publisher = " GWV Fachverlage GmbH, Wiesbaden",
    year = "2006",
}

@book{Syed,
    author = "Basarat Syed",
    title = {Beginning Node.js},
    publisher = "Apress",
    year = "2014",
    ISBN = "9781484201879"
}

@book{chollet,
  title={Deep learning with Python},
  author={Chollet, Francois},
  year={2021},
  publisher={Simon and Schuster}
}

@book{schmidt,
  title={K{\"u}nstliche Intelligenz: Mit Algorithmen zum wirtschaftlichen Erfolg},
  author={Schmidt, Holger J and Buxmann, Peter},
  year={2019},
  publisher={Springer Gabler}
}


%%%% Das wären eigentlich die Online-Quellen

@misc{doxygen,
    author = "Doxygen",
    howpublished = "\url{https://www.doxygen.nl/}",
    note = "[letzter Zugriff: 29.02.2024]"
}

@misc{CSS_Responsive_Design,
    author = "W3Schools",
    howpublished = "\url{https://www.w3schools.com/css/css_rwd_intro.asp}",
    note = "[letzter Zugriff: 29.02.2024]"
}

@misc{doxygen_git,
    author = "Doxygen",
    howpublished = "\url{https://github.com/doxygen/doxygen}",
    note = "[letzter Zugriff: 29.02.2024]"
}

@misc{CSS_Tutorial,
    author = "Mozilla",
    howpublished = "\url{https://developer.mozilla.org/en-US/docs/Learn/Getting_started_with_the_web/CSS_basics}",
    note = "[letzter Zugriff: 29.02.2024]"
}

@misc{JS_Tutorial,
    author = "Mozilla",
    howpublished = "\url{https://developer.mozilla.org/en-US/docs/Web/JavaScript/Guide/Introduction}",
    note = "[letzter Zugriff: 29.02.2024]"
}

@misc{HTML_Tutorial,
    author = "Mozilla",
    howpublished = "\url{https://developer.mozilla.org/en-US/docs/Learn/HTML/Introduction_to_HTML}",
    note = "[letzter Zugriff: 29.02.2024]"
}

@misc{CSS_Properties,
    author = "Mozilla",
    howpublished = "\url{https://developer.mozilla.org/en-US/docs/Web/CSS/Using_CSS_custom_properties}",
    note = "[letzter Zugriff: 29..02.2024]"
}

@misc{CSS_var_funktion,
    author = "Mozilla",
    howpublished = "\url{https://developer.mozilla.org/en-US/docs/Web/CSS/var}",
    note = "[letzter Zugriff: 29.02.2024]"
}

@misc{Button_Element,
    author = "Mozilla",
    howpublished = "\url{https://developer.mozilla.org/en-US/docs/Web/HTML/Element/button?retiredLocale=de}",
    note = "[letzter Zugriff: 29.02.2024]"
}

@misc{localStorage_Objekt,
    author = "W3Schools",
    howpublished = "\url{https://www.w3schools.com/jsref/prop_win_localstorage.asp}",
    note = "[letzter Zugriff: 29.02.2024]"
}

@misc{this_keyword,
    author = "Mozilla",
    howpublished = "\url{https://developer.mozilla.org/en-US/docs/Web/JavaScript/Reference/Operators/this?retiredLocale=de}",
    note = "[letzter Zugriff: 29.02.2024]"
}

@misc{MSProject,
    author = "tutorialspoint",
    howpublished = "\url{https://www.tutorialspoint.com/ms_project/ms_project_create_new_plan.htm}",
    note = "[letzter Zugriff: 29.02.2024]"
}

@misc{Kogan,
    author = "Daniel Kogan",
    howpublished = "\url{https://excelhero.de/vba/excel-vba/}",
    note = "[letzter Zugriff : 29.02.2024]"
}

@misc{git_clone,
    author = "git",
    howpublished = "\url{https://git-scm.com/book/en/v2/Git-Basics-Getting-a-Git-Repository}",
    note = "[letzter Zugriff : 29.02.2024]"
}

@misc{shell_objekt,
    author = "Microsoft",
    howpublished = "\url{https://learn.microsoft.com/de-de/office/vba/language/reference/user-interface-help/shell-function}",
    note = "[letzter Zugriff: 29.02.2024]"
}

@misc{pip_command,
    author = "The pip developers",
    howpublished = "\url{https://pip.pypa.io/en/stable/user_guide/}",
    note = "[letzter Zugriff: 29.02.2024]"
}

@misc{project_ressource,
    author = "Microsoft",
    howpublished = "\url{https://support.microsoft.com/de-de/topic/hinzuf%C3%BCgen-von-ressourcen-zu-einem-projekt-1a744960-d960-426a-b687-e42ba3f6c0cb}",
    note = "[letzter Zugriff: 29.02.2024]"
}

@misc{cloudbased_ki,
    author = "Dr. Alexander Dementyev",
    howpublished = "\url{https://digitalzentrum-chemnitz.de/wissen/cloudbasierte-ki/}",
    note = "[letzter Zugriff: 29.02.2024]"
}

@misc{cloudbased_marked,
    author = "Mathias Brandt",
    howpublished = "\url{https://de.statista.com/infografik/20802/weltweiter-marktanteil-von-cloud-infrastruktur-dienstleistern/}",
    note = "[letzter Zugriff: 29.02.2024]" 
}

@misc{GPT-4,
    author = "OpenAI",
    howpublished = "\url{https://openai.com/gpt-4}",
    note = "[letzter Zugriff: 29.02.2024]"
}

@misc{Winkler,
    author = "Prof. Christian Winkler",
    howpublished = "\url{https://www.heise.de/hintergrund/Grosses-KI-Sprachmodell-am-eigenen-Rechner-Ein-LLaMA-fuer-die-Westentasche-7624131.html}",
    note = "[letzter Zugriff: 29.02.2024]"
}